@article{simpson1951interpretation,
  title={The interpretation of interaction in contingency tables},
  author={Simpson, Edward H},
  journal={Journal of the Royal Statistical Society: Series B (Methodological)},
  volume={13},
  number={2},
  pages={238--241},
  year={1951},
  publisher={Wiley Online Library}
}

@article{blyth1972simpson,
  title={On Simpson's paradox and the sure-thing principle},
  author={Blyth, Colin R},
  journal={Journal of the American Statistical Association},
  volume={67},
  number={338},
  pages={364--366},
  year={1972},
  publisher={Taylor \& Francis}
}

@article{friedman2008sparse,
  title={Sparse inverse covariance estimation with the graphical lasso},
  author={Friedman, Jerome and Hastie, Trevor and Tibshirani, Robert},
  journal={Biostatistics},
  volume={9},
  number={3},
  pages={432--441},
  year={2008},
  publisher={Oxford University Press}
}

@article{hoyer2008nonlinear,
  title={Nonlinear causal discovery with additive noise models},
  author={Hoyer, Patrik and Janzing, Dominik and Mooij, Joris M and Peters, Jonas and Sch{\"o}lkopf, Bernhard},
  journal={Advances in neural information processing systems},
  volume={21},
  pages={689--696},
  year={2008}
}

@article{chickering2002optimal,
  title={Optimal structure identification with greedy search},
  author={Chickering, David Maxwell},
  journal={Journal of machine learning research},
  volume={3},
  number={Nov},
  pages={507--554},
  year={2002}
}

@misc{spirtes2000constructing,
  title={Constructing {Bayesian} network models of gene expression networks from microarray data},
  author={Spirtes, Pater and Glymour, Clark and Scheines, Richard and Kauffman, Stuart and Aimale, Valerio and Wimberly, Frank},
  year={2000},
}

@book{spirtes2000causation,
	title={Causation, prediction, and search},
	author={Spirtes, Peter and Glymour, Clark and Scheines, Richard and Heckerman, David},
	year={2000},
	publisher={MIT press}
}

@book{bollen1989structural,
  title={Structural equations with latent variables},
  author={Bollen, Kenneth A},
  year={1989},
  publisher={John Wiley \& Sons}
}

@incollection{geiger1994learning,
  title={Learning gaussian networks},
  author={Geiger, Dan and Heckerman, David},
  booktitle={Uncertainty Proceedings 1994},
  pages={235--243},
  year={1994},
  publisher={Elsevier}
}

@article{shimizu2006linear,
  title={A linear non-Gaussian acyclic model for causal discovery},
  author={Shimizu, Shohei and Hoyer, Patrik O and Hyv{\"a}rinen, Aapo and Kerminen, Antti},
  journal={Journal of Machine Learning Research},
  volume={7},
  number={Oct},
  pages={2003--2030},
  year={2006}
}

@incollection{verma1990causal,
  title={Causal networks: Semantics and expressiveness},
  author={Verma, Thomas and Pearl, Judea},
  booktitle={Machine intelligence and pattern recognition},
  volume={9},
  pages={69--76},
  year={1990},
  publisher={Elsevier}
}

@inproceedings{kuroki2005instrumental,
  title={Instrumental variable tests for Directed Acyclic Graph Models.},
  author={Kuroki, Manabu and Cai, Zhihong},
  booktitle={AISTATS},
  year={2005}
}

@article{chu2013semi,
  title={Semi-instrumental variables: a test for instrument admissibility},
  author={Chu, Tianjiao and Scheines, Richard and Spirtes, Peter L},
  journal={arXiv preprint arXiv:1301.2261},
  year={2013}
}

@book{morgan2015counterfactuals,
  title={Counterfactuals and causal inference},
  author={Morgan, Stephen L and Winship, Christopher},
  year={2015},
  publisher={Cambridge University Press}
}

@misc{roomshare,
  title = {Tracking the rise of room sharing and overcrowding, and what it means for housing in Australia},
  howpublished = {\url{https://www.rent.com.au/blog/room-sharing-overcrowding}},
  note = {Accessed: 2010-09-30}
}

@article{pratt1988interpretation,
  title={On the interpretation and observation of laws},
  author={Pratt, John W and Schlaifer, Robert},
  journal={Journal of Econometrics},
  volume={39},
  number={1-2},
  pages={23--52},
  year={1988},
  publisher={Elsevier}
}

@book{fox1984linear,
  title={Linear statistical models and related methods: With applications to social research},
  author={Fox, John},
  number={1},
  year={1984},
  publisher={New York; Toronto: Wiley}
}

@inproceedings{brito2002generalized,
  title={Generalized instrumental variables},
  author={Brito, Carlos and Pearl, Judea},
  booktitle={In A. Darwiche and N. Friedman, editors, Proceedings of the Eighteenth conference on Uncertainty in artificial intelligence},
  pages={85--93},
  year={2002}
}

@article{silva2017learning,
	title={Learning instrumental variables with structural and non-gaussianity assumptions},
	author={Silva, Ricardo and Shimizu, Shohei},
	journal={The Journal of Machine Learning Research},
	volume={18},
	number={1},
	pages={4321--4369},
	year={2017},
	publisher={JMLR. org}
}

@article{ning2019solar,
  title={Solar: a least-angle regression for accurate and stable variable selection in high-dimensional data},
  author={Xu, Ning and Fisher, Timothy.C.G and Hong, Jian},
  journal={arXiv preprint, arXiv:2007.15707},
  year={2019}
}

@book{pearl2009causality,
  title={Causality: models, reasoning, and inference},
  author={Pearl, Judea},
  year={2009},
  publisher={Cambridge University Press}
}

@book{koller2009probabilistic,
  title={Probabilistic graphical models: principles and techniques},
  author={Koller, Daphne and Friedman, Nir},
  year={2009},
  publisher={MIT press}
}

@book{scutari2014bayesian,
  title={Bayesian networks: with examples in R},
  author={Scutari, Marco and Denis, Jean-Baptiste},
  year={2014},
  publisher={Chapman and Hall/CRC}
}

@inproceedings{gretton2005measuring,
  title={Measuring statistical dependence with Hilbert-Schmidt norms},
  author={Gretton, Arthur and Bousquet, Olivier and Smola, Alex and Sch{\"o}lkopf, Bernhard},
  booktitle={International conference on algorithmic learning theory},
  pages={63--77},
  year={2005},
  organization={Springer}
}
